<collection xmlns="http://www.loc.gov/MARC21/slim"><record><leader>00630nam  2200193   450</leader><controlfield tag="001">721</controlfield><controlfield tag="003">http://montalegre.opacnet.com/OPAC/default.aspx?ContentAreaControl=ShowRegHoldings.ascx&amp;RegNo=16662</controlfield><datafield tag="095" ind1=" " ind2=" "><subfield code="a">PTBN00429339</subfield></datafield><datafield tag="100" ind1=" " ind2=" "><subfield code="a">19890405d1987    m  y0pory010305  ba</subfield></datafield><datafield tag="101" ind1="1" ind2=" "><subfield code="a">por</subfield><subfield code="c">eng</subfield></datafield><datafield tag="102" ind1=" " ind2=" "><subfield code="a">PT</subfield></datafield><datafield tag="200" ind1="1" ind2=" "><subfield code="a">&lt;Uma &gt;questão de confiança</subfield><subfield code="f">John Updike</subfield><subfield code="g">trad. de Daniel Gonçalves</subfield></datafield><datafield tag="210" ind1=" " ind2=" "><subfield code="a">Lisboa</subfield><subfield code="c">Difel</subfield><subfield code="d">cop. 1987</subfield></datafield><datafield tag="215" ind1=" " ind2=" "><subfield code="a">207 p.</subfield><subfield code="d">23 cm</subfield></datafield><datafield tag="304" ind1=" " ind2=" "><subfield code="a">Tít. orig.: Trust me</subfield></datafield><datafield tag="675" ind1=" " ind2=" "><subfield code="a">820(73)-3</subfield><subfield code="z">por</subfield></datafield><datafield tag="700" ind1=" " ind2="1"><subfield code="a">Updike</subfield><subfield code="b">John</subfield><subfield code="f">1932-1993</subfield></datafield><datafield tag="801" ind1=" " ind2="0"><subfield code="a">PT</subfield><subfield code="b">Biblioteca Municipal de Montalegre</subfield><subfield code="g">RPC</subfield></datafield><datafield tag="856" ind1=" " ind2=" "><subfield code="u">locateMedia.asp?cod=20060530154253&amp;ext=jpg</subfield><subfield code="z">CAPA</subfield></datafield><datafield tag="909" ind1="&#9;" ind2=" "><subfield code="a">1</subfield></datafield><datafield tag="966" ind1=" " ind2=" "><subfield code="a">0010159</subfield><subfield code="l">BMM</subfield><subfield code="s">SCG 821 UPD que</subfield></datafield></record></collection>